<record><leader>00000cas a2200000 i 4500</leader><controlfield tag="001">908848634</controlfield><controlfield tag="006">m     o  d        </controlfield><controlfield tag="007">cr |||||||||||</controlfield><controlfield tag="008">150513d18791919nduwr neo     0   a0eng  </controlfield><datafield ind1=" " ind2=" " tag="010"><subfield code="a">  2015218762</subfield></datafield><datafield ind1=" " ind2=" " tag="040"><subfield code="a">DLC</subfield><subfield code="b">eng</subfield><subfield code="e">rda</subfield><subfield code="c">DLC</subfield><subfield code="d">OCLCF</subfield></datafield><datafield ind1="0" ind2=" " tag="022"><subfield code="a">2379-1314</subfield><subfield code="2">1</subfield></datafield><datafield ind1="1" ind2=" " tag="029"><subfield code="a">NZ1</subfield><subfield code="b">16179619</subfield></datafield><datafield ind1=" " ind2=" " tag="042"><subfield code="a">pcc</subfield><subfield code="a">nsdp</subfield></datafield><datafield ind1=" " ind2=" " tag="043"><subfield code="a">n-us-nd</subfield></datafield><datafield ind1="1" ind2="0" tag="050"><subfield code="a">ISSN RECORD</subfield></datafield><datafield ind1="0" ind2="0" tag="082"><subfield code="a">071</subfield><subfield code="2">3</subfield></datafield><datafield ind1=" " ind2="4" tag="222"><subfield code="a">The Wahpeton times</subfield><subfield code="b">(Online)</subfield></datafield><datafield ind1="0" ind2="4" tag="245"><subfield code="a">The Wahpeton times.</subfield></datafield><datafield ind1="3" ind2="0" tag="246"><subfield code="a">Times (Wahpeton, N.D.)</subfield></datafield><datafield ind1=" " ind2="1" tag="264"><subfield code="a">Wahpeton, Richland County, Dakota [N.D.] :</subfield><subfield code="b">Geo. P. Garred,</subfield><subfield code="c">-1919.</subfield></datafield><datafield ind1=" " ind2=" " tag="300"><subfield code="a">1 online resource</subfield></datafield><datafield ind1=" " ind2=" " tag="310"><subfield code="a">Weekly</subfield></datafield><datafield ind1=" " ind2=" " tag="336"><subfield code="a">text</subfield><subfield code="b">txt</subfield><subfield code="2">rdacontent</subfield></datafield><datafield ind1=" " ind2=" " tag="337"><subfield code="a">computer</subfield><subfield code="b">c</subfield><subfield code="2">rdamedia</subfield></datafield><datafield ind1=" " ind2=" " tag="338"><subfield code="a">online resource</subfield><subfield code="b">cr</subfield><subfield code="2">rdacarrier</subfield></datafield><datafield ind1="1" ind2=" " tag="362"><subfield code="a">Began in 1879. Ceased with volume XLIII, number 36 (January 9, 1919).</subfield></datafield><datafield ind1=" " ind2=" " tag="500"><subfield code="a">Published as: Times, Nov. 1884-May 1885.</subfield></datafield><datafield ind1=" " ind2=" " tag="500"><subfield code="a">Official County Paper, 1884, 1887-1889, 1903.</subfield></datafield><datafield ind1=" " ind2=" " tag="500"><subfield code="a">Official City Paper, 1884, 1887-1888, 1903, 1910-1911, 1913-1915, 1918-1919.</subfield></datafield><datafield ind1=" " ind2=" " tag="500"><subfield code="a">Includes Richland County Fair herald, vol. 1, no. 1-v. 1, no. 3 (July 24-Sept. 25, 1913).</subfield></datafield><datafield ind1=" " ind2=" " tag="530"><subfield code="a">Available on microfilm from the State Historical Society of North Dakota.</subfield></datafield><datafield ind1=" " ind2=" " tag="530"><subfield code="a">Archived issues are available in digital format from the Library of Congress Chronicling America online collection.</subfield></datafield><datafield ind1=" " ind2=" " tag="588"><subfield code="a">Description based on: Vol. 5, no. 1 (April 11, 1884); title from masthead (Chroniclingamerica.loc.gov, viewed May 13, 2015).</subfield></datafield><datafield ind1=" " ind2=" " tag="588"><subfield code="a">Latest issue consulted: Volume XLIII, number 36 (January 9, 1919) (Chroniclingamerica.loc.gov, viewed May 13, 2015).</subfield></datafield><datafield ind1=" " ind2="0" tag="651"><subfield code="a">Wahpeton (N.D.)</subfield><subfield code="v">Newspapers.</subfield></datafield><datafield ind1=" " ind2="7" tag="655"><subfield code="a">Newspapers.</subfield><subfield code="2">fast</subfield><subfield code="0">(OCoLC)fst01423814</subfield></datafield><datafield ind1=" " ind2="7" tag="651"><subfield code="a">North Dakota</subfield><subfield code="z">Wahpeton.</subfield><subfield code="2">fast</subfield><subfield code="0">(OCoLC)fst01230099</subfield></datafield><datafield ind1=" " ind2=" " tag="752"><subfield code="a">United States</subfield><subfield code="b">North Dakota</subfield><subfield code="c">Richland</subfield><subfield code="d">Wahpeton.</subfield></datafield><datafield ind1="0" ind2="8" tag="776"><subfield code="i">Originally issued in print:</subfield><subfield code="t">Wahpeton times</subfield><subfield code="x">2379-1306</subfield><subfield code="w">(DLC)sn 84024779</subfield><subfield code="w">(OCoLC)2251045</subfield></datafield><datafield ind1="0" ind2="0" tag="780"><subfield code="t">Red River free press</subfield></datafield><datafield ind1="0" ind2="0" tag="785"><subfield code="t">Independent press (Wahpeton, N.D. : 1919)</subfield></datafield><datafield ind1="4" ind2="0" tag="856"><subfield code="u">http://www.loc.gov/chroniclingamerica/lccn/sn84024779/issues</subfield></datafield></record>